<record><leader>00000cas a22000007a 4500</leader><controlfield tag="001">37915672</controlfield><controlfield tag="008">971110c19929999meuwn ne      0    0eng d</controlfield><datafield ind1=" " ind2=" " tag="010"><subfield code="a">sn 97062764 </subfield></datafield><datafield ind1=" " ind2=" " tag="040"><subfield code="a">MBN</subfield><subfield code="b">eng</subfield><subfield code="c">MBN</subfield><subfield code="d">OCLCQ</subfield><subfield code="d">OCLCF</subfield><subfield code="d">OCLCO</subfield></datafield><datafield ind1=" " ind2=" " tag="042"><subfield code="a">msc</subfield></datafield><datafield ind1=" " ind2=" " tag="043"><subfield code="a">n-us-me</subfield></datafield><datafield ind1="0" ind2=" " tag="130"><subfield code="a">Enterprise (Bucksport, Me.)</subfield></datafield><datafield ind1="1" ind2="4" tag="245"><subfield code="a">The enterprise.</subfield></datafield><datafield ind1=" " ind2=" " tag="260"><subfield code="a">Bucksport, Me. :</subfield><subfield code="b">Sharon Bray</subfield></datafield><datafield ind1=" " ind2=" " tag="300"><subfield code="a">v.</subfield></datafield><datafield ind1=" " ind2=" " tag="310"><subfield code="a">Weekly (except for the last weeks of Mar., June, Sept. and Oct.)</subfield></datafield><datafield ind1="0" ind2=" " tag="362"><subfield code="a">Vol. 1, no. 1 (Aug. 26, 1992)-</subfield></datafield><datafield ind1=" " ind2=" " tag="500"><subfield code="a">Published in the interests of Bucksport, Orland, Verona and surrounding towns.</subfield></datafield><datafield ind1=" " ind2="0" tag="651"><subfield code="a">Bucksport (Me.)</subfield><subfield code="v">Newspapers.</subfield></datafield><datafield ind1=" " ind2="7" tag="655"><subfield code="a">Newspapers.</subfield><subfield code="2">fast</subfield><subfield code="0">(OCoLC)fst01423814</subfield></datafield><datafield ind1=" " ind2="7" tag="651"><subfield code="a">Maine</subfield><subfield code="z">Bucksport.</subfield><subfield code="2">fast</subfield><subfield code="0">(OCoLC)fst01227767</subfield></datafield><datafield ind1=" " ind2=" " tag="752"><subfield code="a">United States</subfield><subfield code="b">Maine</subfield><subfield code="c">Hancock</subfield><subfield code="d">Bucksport.</subfield></datafield></record>